%%
%% To add a new bibliographic item under emacs, type M-x bib TAB TAB.
%% This will give you a list of possible entry types.  Click on the one
%% you want using the middle mouse button to get a clean entry.
%%
%% The optional fields have OPT in front of them: delete the OPT if you
%% fill in the field.
%%
%% Use double curly brackets {{}} when you want to maintain your own
%% capitalisation, otherwise bibtex will follow its own rules.
%%



@article{lecun1989backpropagation,
	title={Backpropagation applied to handwritten zip code recognition},
	author={LeCun, Yann and Boser, Bernhard and Denker, John S and Henderson, Donnie and Howard, Richard E and Hubbard, Wayne and Jackel, Lawrence D},
	journal={Neural computation},
	volume={1},
	number={4},
	pages={541--551},
	year={1989},
	publisher={MIT Press}
}

@misc{rlblogpost,
	title={Deep Reinforcement Learning Doesn't Work Yet},
	author={Irpan, Alex},
	howpublished={\url{https://www.alexirpan.com/2018/02/14/rl-hard.html}},
	year={2018}
}


@inproceedings{trotman2011ad,
	title={Ad hoc IR: not much room for improvement.},
	author={Trotman, Andrew and Keeler, David},
	booktitle={SIGIR},
	pages={1095--1096},
	year={2011},
	organization={Citeseer}
}



@book{harman1995overview,
	title={Overview of the third text retrieval conference (TREC-3)},
	author={Harman, Donna K},
	number={500},
	year={1995},
	publisher={DIANE Publishing}
}
@article{kingma2014adam,
	title={Adam: A method for stochastic optimization},
	author={Kingma, Diederik P and Ba, Jimmy},
	journal={arXiv preprint arXiv:1412.6980},
	year={2014}
}


@article{watkins1992q,
	title={Q-learning},
	author={Watkins, Christopher JCH and Dayan, Peter},
	journal={Machine learning},
	volume={8},
	number={3-4},
	pages={279--292},
	year={1992},
	publisher={Springer}
}


@article{tesauro1995temporal,
	title={Temporal difference learning and TD-Gammon},
	author={Tesauro, Gerald},
	journal={Communications of the ACM},
	volume={38},
	number={3},
	pages={58--68},
	year={1995}
}

@article{lillicrap2015continuous,
	title={Continuous control with deep reinforcement learning},
	author={Lillicrap, Timothy P and Hunt, Jonathan J and Pritzel, Alexander and Heess, Nicolas and Erez, Tom and Tassa, Yuval and Silver, David and Wierstra, Daan},
	journal={arXiv preprint arXiv:1509.02971},
	year={2015}
}

@article{williams1992simple,
	title={Simple statistical gradient-following algorithms for connectionist reinforcement learning},
	author={Williams, Ronald J},
	journal={Machine learning},
	volume={8},
	number={3-4},
	pages={229--256},
	year={1992},
	publisher={Springer}
}

@article{silver2016mastering,
	title={Mastering the game of Go with deep neural networks and tree search},
	author={Silver, David and Huang, Aja and Maddison, Chris J and Guez, Arthur and Sifre, Laurent and Van Den Driessche, George and Schrittwieser, Julian and Antonoglou, Ioannis and Panneershelvam, Veda and Lanctot, Marc and others},
	journal={nature},
	volume={529},
	number={7587},
	pages={484},
	year={2016},
	publisher={Nature Publishing Group}
}

@article{silver2017mastering,
	title={Mastering chess and shogi by self-play with a general reinforcement learning algorithm},
	author={Silver, David and Hubert, Thomas and Schrittwieser, Julian and Antonoglou, Ioannis and Lai, Matthew and Guez, Arthur and Lanctot, Marc and Sifre, Laurent and Kumaran, Dharshan and Graepel, Thore and others},
	journal={arXiv preprint arXiv:1712.01815},
	year={2017}
}

@inproceedings{lample2017playing,
	title={Playing FPS games with deep reinforcement learning},
	author={Lample, Guillaume and Chaplot, Devendra Singh},
	booktitle={Thirty-First AAAI Conference on Artificial Intelligence},
	year={2017}
}

@article{mnih2013playing,
	title={Playing atari with deep reinforcement learning},
	author={Mnih, Volodymyr and Kavukcuoglu, Koray and Silver, David and Graves, Alex and Antonoglou, Ioannis and Wierstra, Daan and Riedmiller, Martin},
	journal={arXiv preprint arXiv:1312.5602},
	year={2013}
}

@article{bellman1966dynamic,
	title={Dynamic programming},
	author={Bellman, Richard},
	journal={Science},
	volume={153},
	number={3731},
	pages={34--37},
	year={1966},
	publisher={American Association for the Advancement of Science}
}

@article{robertson1999okapi,
	title={Okapi at TREC-7: automatic ad hoc, filtering, VLC and interactive track},
	author={Robertson, Stephen E and Walker, Steve and Beaulieu, Micheline and Willett, Peter},
	journal={Nist Special Publication SP},
	number={500},
	pages={253--264},
	year={1999},
	publisher={NATIONAL INSTIUTE OF STANDARDS \& TECHNOLOGY}
}




@inproceedings{robertson1994some,
	title={Some simple effective approximations to the 2-poisson model for probabilistic weighted retrieval},
	author={Robertson, Stephen E and Walker, Steve},
	booktitle={SIGIRâ€™94},
	pages={232--241},
	year={1994},
	organization={Springer}
}

@article{robertson1995okapi,
	title={Okapi at TREC-3},
	author={Robertson, Stephen E and Walker, Steve and Jones, Susan and Hancock-Beaulieu, Micheline M and Gatford, Mike and others},
	journal={Nist Special Publication Sp},
	volume={109},
	pages={109},
	year={1995},
	publisher={NATIONAL INSTIUTE OF STANDARDS \& TECHNOLOGY}
}
@article{rosenblatt1958perceptron,
	title={The perceptron: a probabilistic model for information storage and organization in the brain.},
	author={Rosenblatt, Frank},
	journal={Psychological review},
	volume={65},
	number={6},
	pages={386},
	year={1958},
	publisher={American Psychological Association}
}


@article{cybenko1989approximation,
	title={Approximation by superpositions of a sigmoidal function},
	author={Cybenko, George},
	journal={Mathematics of control, signals and systems},
	volume={2},
	number={4},
	pages={303--314},
	year={1989},
	publisher={Springer}
}

@article{zhai2004study,
	title={A study of smoothing methods for language models applied to information retrieval},
	author={Zhai, Chengxiang and Lafferty, John},
	journal={ACM Transactions on Information Systems (TOIS)},
	volume={22},
	number={2},
	pages={179--214},
	year={2004},
	publisher={ACM}
}

@inproceedings{mnih2016asynchronous,
	title={Asynchronous methods for deep reinforcement learning},
	author={Mnih, Volodymyr and Badia, Adria Puigdomenech and Mirza, Mehdi and Graves, Alex and Lillicrap, Timothy and Harley, Tim and Silver, David and Kavukcuoglu, Koray},
	booktitle={International conference on machine learning},
	pages={1928--1937},
	year={2016}
}


@inproceedings{lavrenko2017relevance,
	title={Relevance-based language models},
	author={Lavrenko, Victor and Croft, W Bruce},
	booktitle={ACM SIGIR Forum},
	volume={51},
	number={2},
	pages={260--267},
	year={2017},
	organization={ACM}
}




@phdthesis{ponte1998language,
	title={A language modeling approach to information retrieval},
	author={Ponte, Jay Michael and Croft, W Bruce},
	year={1998},
	school={University of Massachusetts at Amherst}
}

@article{robertson1976relevance,
	title={Relevance weighting of search terms},
	author={Robertson, Stephen E and Jones, K Sparck},
	journal={Journal of the American Society for Information science},
	volume={27},
	number={3},
	pages={129--146},
	year={1976},
	publisher={Wiley Online Library}
}


@article{li1992random,
	title={Random texts exhibit Zipf's-law-like word frequency distribution},
	author={Li, Wentian},
	journal={IEEE Transactions on information theory},
	volume={38},
	number={6},
	pages={1842--1845},
	year={1992},
	publisher={IEEE}
}


@article{spink2001searching,
	title={Searching the web: The public and their queries},
	author={Spink, Amanda and Wolfram, Dietmar and Jansen, Major BJ and Saracevic, Tefko},
	journal={Journal of the American society for information science and technology},
	volume={52},
	number={3},
	pages={226--234},
	year={2001},
	publisher={Wiley Online Library}
}



Investigation on transfer learning

@article{DBLP:journals/corr/YosinskiCBL14,
	author    = {Jason Yosinski and
	Jeff Clune and
	Yoshua Bengio and
	Hod Lipson},
	title     = {How transferable are features in deep neural networks?},
	journal   = {CoRR},
	volume    = {abs/1411.1792},
	year      = {2014},
	url       = {http://arxiv.org/abs/1411.1792},
	archivePrefix = {arXiv},
	eprint    = {1411.1792},
	timestamp = {Mon, 13 Aug 2018 16:47:20 +0200},
	biburl    = {https://dblp.org/rec/bib/journals/corr/YosinskiCBL14},
	bibsource = {dblp computer science bibliography, https://dblp.org}
}




@article{collobert2011natural,
  title={Natural language processing (almost) from scratch},
  author={Collobert, Ronan and Weston, Jason and Bottou, L{\'e}on and Karlen, Michael and Kavukcuoglu, Koray and Kuksa, Pavel},
  journal={Journal of machine learning research},
  volume={12},
  number={Aug},
  pages={2493--2537},
  year={2011}
}

@InProceedings{amir97,
  author = 	 {Amihood Amir and Ronen Feldman and Reuven Kashi},
  title = 	 {{A New and Versatile Method for Association Generation}},
  booktitle = 	 {{Principles of Data Mining and Knowledge Engineering;
                   First European Symposium, PKDD'97}},
  OPTcrossref =  {},
  OPTkey = 	 {},
  editor = 	 {Jan Komorowsk and Jan Zytkow},
  OPTvolume = 	 {},
  OPTnumber = 	 {},
  OPTseries = 	 {},
  year = 	 {1997},
  OPTorganization = {},
  publisher = {Springer-Verlag},
  address = 	 {Trondheim, Norway},
  month = 	 {June},
  pages = 	 {221--231},
  OPTnote = 	 {},
  OPTannote = 	 {}
}

@article{bianchi2015transferring,
	title={Transferring knowledge as heuristics in reinforcement learning: A case-based approach},
	author={Bianchi, Reinaldo AC and Celiberto Jr, Luiz A and Santos, Paulo E and Matsuura, Jackson P and de Mantaras, Ramon Lopez},
	journal={Artificial Intelligence},
	volume={226},
	pages={102--121},
	year={2015},
	publisher={Elsevier}
}

@inproceedings{bianchi2004heuristically,
	title={Heuristically Accelerated Q--Learning: a new approach to speed up Reinforcement Learning},
	author={Bianchi, Reinaldo AC and Ribeiro, Carlos HC and Costa, Anna HR},
	booktitle={Brazilian Symposium on Artificial Intelligence},
	pages={245--254},
	year={2004},
	organization={Springer}
}
@inproceedings{zahavy2018learn,
	title={Learn what not to learn: Action elimination with deep reinforcement learning},
	author={Zahavy, Tom and Haroush, Matan and Merlis, Nadav and Mankowitz, Daniel J and Mannor, Shie},
	booktitle={Advances in Neural Information Processing Systems},
	pages={3562--3573},
	year={2018}
}

@article{dulac2015deep,
	title={Deep reinforcement learning in large discrete action spaces},
	author={Dulac-Arnold, Gabriel and Evans, Richard and van Hasselt, Hado and Sunehag, Peter and Lillicrap, Timothy and Hunt, Jonathan and Mann, Timothy and Weber, Theophane and Degris, Thomas and Coppin, Ben},
	journal={arXiv preprint arXiv:1512.07679},
	year={2015}
}

@article{mnih2015human,
	title={Human-level control through deep reinforcement learning},
	author={Mnih, Volodymyr and Kavukcuoglu, Koray and Silver, David and Rusu, Andrei A and Veness, Joel and Bellemare, Marc G and Graves, Alex and Riedmiller, Martin and Fidjeland, Andreas K and Ostrovski, Georg and others},
	journal={Nature},
	volume={518},
	number={7540},
	pages={529},
	year={2015},
	publisher={Nature Publishing Group}
}


@Book{goosens94,
  author = 	 {Michael Goosens and Frank Mittelbach and Alexander Samarin},
  title = 	 {{The \LaTeX\ Companion}},
  publisher = 	 {Addison-Wesley},
  year = 	 {1994},
  OPTkey = 	 {},
  OPTeditor = 	 {},
  OPTvolume = 	 {},
  OPTnumber = 	 {},
  OPTseries = 	 {},
  OPTaddress = 	 {},
  edition = 	 {2},
  month = 	 {May},
  OPTnote = 	 {},
  OPTannote = 	 {}
}



%Pseudo-relevance feedback sources:


% Original Rocchio paper
@misc{rocchiojj,
  title={JJ 1971. Relevance feedback in information retrieval},
  author={ROCCHIO, JR},
  journal={The SMART Retrieval System: Experiments in Automatic Document Processing},
  pages={313--323},
  publisher={Prentice-Hall, Inc., Englewood Cliffs, New Jersey}
}


% K-L divergence related sources #################################################################
% Original KL-divergence paper

@article{kullback1951information,
  title={On information and sufficiency},
  author={Kullback, Solomon and Leibler, Richard A},
  journal={The annals of mathematical statistics},
  volume={22},
  number={1},
  pages={79--86},
  year={1951},
  publisher={JSTOR}
}

@article{carpineto2001information,
  title={An information-theoretic approach to automatic query expansion},
  author={Carpineto, Claudio and De Mori, Renato and Romano, Giovanni and Bigi, Brigitte},
  journal={ACM Transactions on Information Systems (TOIS)},
  volume={19},
  number={1},
  pages={1--27},
  year={2001},
  publisher={ACM}
}

% K-L divergence related sources #################################################################


@article{miller1995wordnet,
	title={WordNet: a lexical database for English},
	author={Miller, George A},
	journal={Communications of the ACM},
	volume={38},
	number={11},
	pages={39--41},
	year={1995},
	publisher={ACM}
}


%Reinforcement Learning papers 


@article{Salton:1975:VSM:361219.361220,
 author = {Salton, G. and Wong, A. and Yang, C. S.},
 title = {A Vector Space Model for Automatic Indexing},
 journal = {Commun. ACM},
 issue_date = {Nov. 1975},
 volume = {18},
 number = {11},
 month = nov,
 year = {1975},
 issn = {0001-0782},
 pages = {613--620},
 numpages = {8},
 url = {http://doi.acm.org/10.1145/361219.361220},
 doi = {10.1145/361219.361220},
 acmid = {361220},
 publisher = {ACM},
 address = {New York, NY, USA},
 keywords = {automatic indexing, automatic information retrieval, content analysis, document space},
} 


@inproceedings{trotman2014improvements,
  title={Improvements to BM25 and language models examined},
  author={Trotman, Andrew and Puurula, Antti and Burgess, Blake},
  booktitle={Proceedings of the 2014 Australasian Document Computing Symposium},
  pages={58},
  year={2014},
  organization={ACM}
}



@inproceedings{lin2016toward,
  title={Toward reproducible baselines: The open-source IR reproducibility challenge},
  author={Lin, Jimmy and Crane, Matt and Trotman, Andrew and Callan, Jamie and Chattopadhyaya, Ishan and Foley, John and Ingersoll, Grant and Macdonald, Craig and Vigna, Sebastiano},
  booktitle={European Conference on Information Retrieval},
  pages={408--420},
  year={2016},
  organization={Springer}
}


@article{henderson2017deep,
  title={Deep reinforcement learning that matters},
  author={Henderson, Peter and Islam, Riashat and Bachman, Philip and Pineau, Joelle and Precup, Doina and Meger, David},
  journal={arXiv preprint arXiv:1709.06560},
  year={2017}
}


@book{sutton2018reinforcement,
  title={Reinforcement learning: An introduction},
  author={Sutton, Richard S and Barto, Andrew G},
  year={2018},
  publisher={MIT press}
}

@article{bengio2003neural,
  title={A neural probabilistic language model},
  author={Bengio, Yoshua and Ducharme, R{\'e}jean and Vincent, Pascal and Jauvin, Christian},
  journal={Journal of machine learning research},
  volume={3},
  number={Feb},
  pages={1137--1155},
  year={2003}
}


@inproceedings{armstrong2009improvements,
  title={Improvements that don't add up: ad-hoc retrieval results since 1998},
  author={Armstrong, Timothy G and Moffat, Alistair and Webber, William and Zobel, Justin},
  booktitle={Proceedings of the 18th ACM conference on Information and knowledge management},
  pages={601--610},
  year={2009},
  organization={ACM}
} 


@article{nogueira2017task,
  title={Task-oriented query reformulation with reinforcement learning},
  author={Nogueira, Rodrigo and Cho, Kyunghyun},
  journal={arXiv preprint arXiv:1704.04572},
  year={2017}
}

@inproceedings{mikolov2013distributed,
  title={Distributed representations of words and phrases and their compositionality},
  author={Mikolov, Tomas and Sutskever, Ilya and Chen, Kai and Corrado, Greg S and Dean, Jeff},
  booktitle={Advances in neural information processing systems},
  pages={3111--3119},
  year={2013}
}


@article{kim2014convolutional,
  title={Convolutional neural networks for sentence classification},
  author={Kim, Yoon},
  journal={arXiv preprint arXiv:1408.5882},
  year={2014}
}



@article{DBLP:journals/corr/DiazMC16,
  author    = {Fernando Diaz and
               Bhaskar Mitra and
               Nick Craswell},
  title     = {Query Expansion with Locally-Trained Word Embeddings},
  journal   = {CoRR},
  volume    = {abs/1605.07891},
  year      = {2016},
  url       = {http://arxiv.org/abs/1605.07891},
  archivePrefix = {arXiv},
  eprint    = {1605.07891},
  timestamp = {Mon, 13 Aug 2018 16:46:51 +0200},
  biburl    = {https://dblp.org/rec/bib/journals/corr/DiazMC16},
  bibsource = {dblp computer science bibliography, https://dblp.org}
}

@inproceedings{nair2010rectified,
  title={Rectified linear units improve restricted boltzmann machines},
  author={Nair, Vinod and Hinton, Geoffrey E},
  booktitle={Proceedings of the 27th international conference on machine learning (ICML-10)},
  pages={807--814},
  year={2010}
}

@inproceedings{pennington2014glove,
  title={Glove: Global vectors for word representation},
  author={Pennington, Jeffrey and Socher, Richard and Manning, Christopher},
  booktitle={Proceedings of the 2014 conference on empirical methods in natural language processing (EMNLP)},
  pages={1532--1543},
  year={2014}
}


@article{bojanowski2017enriching,
  title={Enriching word vectors with subword information},
  author={Bojanowski, Piotr and Grave, Edouard and Joulin, Armand and Mikolov, Tomas},
  journal={Transactions of the Association for Computational Linguistics},
  volume={5},
  pages={135--146},
  year={2017},
  publisher={MIT Press}
}