%%
%% To add a new bibliographic item under emacs, type M-x bib TAB TAB.
%% This will give you a list of possible entry types.  Click on the one
%% you want using the middle mouse button to get a clean entry.
%%
%% The optional fields have OPT in front of them: delete the OPT if you
%% fill in the field.
%%
%% Use double curly brackets {{}} when you want to maintain your own
%% capitalisation, otherwise bibtex will follow its own rules.
%%

@Book{rountree98,
  author = 	 {Nathan Rountree},
  title = 	 {{How to do Anything}},
  publisher = 	 {{Non-existent Publishers}},
  year = 	 {1998},
  OPTkey = 	 {},
  OPTeditor = 	 {},
  OPTvolume = 	 {},
  OPTnumber = 	 {},
  OPTseries = 	 {},
  address = 	 {Dunedin, New Zealand},
  OPTedition = 	 {},
  OPTmonth = 	 {},
  OPTnote = 	 {},
  OPTannote = 	 {}
}


@InProceedings{amir97,
  author = 	 {Amihood Amir and Ronen Feldman and Reuven Kashi},
  title = 	 {{A New and Versatile Method for Association Generation}},
  booktitle = 	 {{Principles of Data Mining and Knowledge Engineering;
                   First European Symposium, PKDD'97}},
  OPTcrossref =  {},
  OPTkey = 	 {},
  editor = 	 {Jan Komorowsk and Jan Zytkow},
  OPTvolume = 	 {},
  OPTnumber = 	 {},
  OPTseries = 	 {},
  year = 	 {1997},
  OPTorganization = {},
  publisher = {Springer-Verlag},
  address = 	 {Trondheim, Norway},
  month = 	 {June},
  pages = 	 {221--231},
  OPTnote = 	 {},
  OPTannote = 	 {}
}


@Book{goosens94,
  author = 	 {Michael Goosens and Frank Mittelbach and Alexander Samarin},
  title = 	 {{The \LaTeX\ Companion}},
  publisher = 	 {Addison-Wesley},
  year = 	 {1994},
  OPTkey = 	 {},
  OPTeditor = 	 {},
  OPTvolume = 	 {},
  OPTnumber = 	 {},
  OPTseries = 	 {},
  OPTaddress = 	 {},
  edition = 	 {2nd},
  month = 	 {May},
  OPTnote = 	 {},
  OPTannote = 	 {}
}

